@article{shaffer2010algorithm,
  title={Algorithm visualization: The state of the field},
  author={Shaffer, Clifford A and Cooper, Matthew L and Alon, Alexander Joel D and Akbar, Monika and Stewart, Michael and Ponce, Sean and Edwards, Stephen H},
  journal={ACM Transactions on Computing Education (TOCE)},
  volume={10},
  number={3},
  pages={1--22},
  year={2010},
  publisher={ACM New York, NY, USA}
}

@inproceedings{brown1984system,
  title={A system for algorithm animation},
  author={Brown, Marc H and Sedgewick, Robert},
  booktitle={ACM SIGGRAPH Computer Graphics},
  volume={18},
  number={3},
  pages={177--186},
  year={1984},
  organization={ACM}
}

@article{hundhausen2002meta,
  title={A meta-study of algorithm visualization effectiveness},
  author={Hundhausen, Christopher D and Douglas, Sarah A and Stasko, John T},
  journal={Journal of Visual Languages \& Computing},
  volume={13},
  number={3},
  pages={259--290},
  year={2002},
  publisher={Elsevier}
}

@article{price1993principled,
  title={A principled taxonomy of software visualization},
  author={Price, Blaine A and Baecker, Ronald M and Small, Ian S},
  journal={Journal of Visual Languages \& Computing},
  volume={4},
  number={3},
  pages={211--266},
  year={1993},
  publisher={Elsevier}
}

@inproceedings{naps2003exploring,
  title={Exploring the role of visualization and engagement in computer science education},
  author={Naps, Thomas L and R{\"o}{\ss}ling, Guido and Almstrum, Vicki and Dann, Wanda and Fleischer, Rudolf and Hundhausen, Chris and Korhonen, Ari and Malmi, Lauri and McNally, Myles and Rodger, Susan and others},
  booktitle={ACM SIGCSE Bulletin},
  volume={35},
  number={2},
  pages={131--152},
  year={2003},
  organization={ACM}
}

@inproceedings{rossling2002algorithm,
  title={Algorithm visualization: The state of the field},
  author={R{\"o}{\ss}ling, Guido and Freisleben, Bernd},
  booktitle={Proceedings of the 33rd SIGCSE technical symposium on Computer science education},
  pages={123--127},
  year={2002}
}

@online{visualgo,
  title={VisuAlgo: Visualising data structures and algorithms through animation},
  author={Halim, Steven},
  url={https://visualgo.net/},
  year={2011},
  urldate={2024-12-19}
}

@online{algorithm-visualizer,
  title={Algorithm Visualizer: Interactive Online Platform},
  author={Park, Jason},
  url={https://algorithm-visualizer.org/},
  year={2016},
  urldate={2024-12-19}
}

@online{usf-dsv,
  title={Data Structure Visualizations},
  author={Galles, David},
  organization={University of San Francisco},
  url={https://www.cs.usfca.edu/~galles/visualization/},
  year={2011},
  urldate={2024-12-19}
}

@online{react,
  title={React: A JavaScript library for building user interfaces},
  author={Facebook},
  url={https://reactjs.org/},
  year={2013},
  urldate={2024-12-19}
}

@online{nextjs,
  title={Next.js: The React Framework for Production},
  author={Vercel},
  url={https://nextjs.org/},
  year={2016},
  urldate={2024-12-19}
}

@online{typescript,
  title={TypeScript: JavaScript that scales},
  author={Microsoft},
  url={https://www.typescriptlang.org/},
  year={2012},
  urldate={2024-12-19}
}

@online{framer-motion,
  title={Framer Motion: A production-ready motion library for React},
  author={Framer},
  url={https://www.framer.com/motion/},
  year={2018},
  urldate={2024-12-19}
}

@online{d3js,
  title={D3.js: Data-Driven Documents},
  author={Bostock, Mike},
  url={https://d3js.org/},
  year={2011},
  urldate={2024-12-19}
}

@online{openai-api,
  title={OpenAI API: AI models for developers},
  author={OpenAI},
  url={https://openai.com/api/},
  year={2020},
  urldate={2024-12-19}
}

@online{google-gemini,
  title={Google Gemini: AI assistant},
  author={Google},
  url={https://gemini.google.com/},
  year={2023},
  urldate={2024-12-19}
}

@book{cormen2009introduction,
  title={Introduction to algorithms},
  author={Cormen, Thomas H and Leiserson, Charles E and Rivest, Ronald L and Stein, Clifford},
  year={2009},
  publisher={MIT press}
}

@book{sedgewick2011algorithms,
  title={Algorithms},
  author={Sedgewick, Robert and Wayne, Kevin},
  year={2011},
  publisher={Addison-Wesley Professional}
}

@article{ieee2023education,
  title={Survey on Algorithm Learning Difficulties in Computer Science Education},
  author={IEEE Education Society},
  journal={IEEE Transactions on Education},
  volume={66},
  number={2},
  pages={145--158},
  year={2023},
  publisher={IEEE}
}
